<?xml version="1.0" encoding="UTF-8"?><record xmlns="http://www.loc.gov/MARC21/slim" xmlns:cinclude="http://apache.org/cocoon/include/1.0" xmlns:zs="http://www.loc.gov/zing/srw/">
  <leader>00999cz  a2200217n  4500</leader>
  <controlfield tag="001">n  87883190 </controlfield>
  <controlfield tag="003">DLC</controlfield>
  <controlfield tag="005">20120810083408.0</controlfield>
  <controlfield tag="008">870825n| acannaab           |a aaa      </controlfield>
  <datafield tag="010" ind1=" " ind2=" ">
    <subfield code="a">n  87883190 </subfield>
  </datafield>
  <datafield tag="040" ind1=" " ind2=" ">
    <subfield code="a">DLC</subfield>
    <subfield code="b">eng</subfield>
    <subfield code="c">DLC</subfield>
    <subfield code="d">CU</subfield>
    <subfield code="d">DLC</subfield>
  </datafield>
  <datafield tag="100" ind1="1" ind2=" ">
    <subfield code="a">Mandeville, John,</subfield>
    <subfield code="c">Sir.</subfield>
    <subfield code="t">Itinerarium.</subfield>
    <subfield code="l">German</subfield>
  </datafield>
  <datafield tag="400" ind1="1" ind2=" ">
    <subfield code="a">Mandeville, John,</subfield>
    <subfield code="c">Sir.</subfield>
    <subfield code="t">Reisen</subfield>
  </datafield>
  <datafield tag="400" ind1="1" ind2=" ">
    <subfield code="a">Mandeville, John,</subfield>
    <subfield code="c">Sir.</subfield>
    <subfield code="t">Reysen und Wanderschafften durch das Gelobte Land, Indien und Persien</subfield>
  </datafield>
  <datafield tag="400" ind1="1" ind2=" ">
    <subfield code="a">Mandeville, John,</subfield>
    <subfield code="c">Sir.</subfield>
    <subfield code="t">Sir John Mandevilles Reisebeschreibung</subfield>
  </datafield>
  <datafield tag="400" ind1="1" ind2=" ">
    <subfield code="a">Mandeville, John,</subfield>
    <subfield code="c">Sir.</subfield>
    <subfield code="t">Von seltsamen Ländern und wunderlichen Völkern</subfield>
  </datafield>
  <datafield tag="667" ind1=" " ind2=" ">
    <subfield code="a">THIS 1XX FIELD CANNOT BE USED UNDER RDA UNTIL THIS RECORD HAS BEEN REVIEWED AND/OR UPDATED</subfield>
  </datafield>
  <datafield tag="670" ind1=" " ind2=" ">
    <subfield code="a">His von seltsamen Ländern und wunderlichen Völkern, c1986.</subfield>
  </datafield>
  <datafield tag="670" ind1=" " ind2=" ">
    <subfield code="a">His Sir John Mandevilles Reisebeschreibung, 1974.</subfield>
  </datafield>
  <datafield tag="670" ind1=" " ind2=" ">
    <subfield code="a">His Reisen, 1991.</subfield>
  </datafield>
  <datafield tag="670" ind1=" " ind2=" ">
    <subfield code="a">His Reysen und Wanderschafften durch das Gelobte Land, Indien und Persien, 1481 or 82.</subfield>
  </datafield>
</record>